<?xml version = "1.0" encoding = "UTF-8"?><record>
  <leader>02073nam#a2200457#c#4500</leader>
  <controlfield tag="005">20210409183444.0</controlfield>
  <controlfield tag="007">tu</controlfield>
  <controlfield tag="008">190819|2019####gw#######m####|||#|#ger#c</controlfield>
  <controlfield tag="003">DE-605</controlfield>
  <controlfield tag="001">990363553190206441</controlfield>
  <datafield tag="035" ind1=" " ind2=" ">
    <subfield code="a">(DE-605)HT020163348</subfield>
  </datafield>
  <datafield tag="040" ind1=" " ind2=" ">
    <subfield code="a">467</subfield>
    <subfield code="b">ger</subfield>
    <subfield code="d">6</subfield>
    <subfield code="e">rda</subfield>
  </datafield>
  <datafield tag="041" ind1=" " ind2=" ">
    <subfield code="a">ger</subfield>
  </datafield>
  <datafield tag="044" ind1=" " ind2=" ">
    <subfield code="c">XA-DE</subfield>
  </datafield>
  <datafield tag="084" ind1=" " ind2=" ">
    <subfield code="a">Nordrhein-Westfalen</subfield>
    <subfield code="0">https://nwbib.de/spatial#N01</subfield>
    <subfield code="2">nwbib</subfield>
    <subfield code="0">(uri) https://portal.dnb.de/opac.htm?method=simpleSearch&amp;cqlMode=true&amp;query=idn=040425703</subfield>
    <subfield code="0">(uri) http://viaf.org/viaf/sourceID/DNB|040425703</subfield>
  </datafield>
  <datafield tag="084" ind1=" " ind2=" ">
    <subfield code="a">Sonderschulen</subfield>
    <subfield code="0">https://nwbib.de/subjects#N784048</subfield>
    <subfield code="2">nwbib</subfield>
  </datafield>
  <datafield tag="090" ind1=" " ind2=" ">
    <subfield code="a">b</subfield>
  </datafield>
  <datafield tag="100" ind1="1" ind2=" ">
    <subfield code="a">H&#252;bner, Carina</subfield>
    <subfield code="0">(DE-588)1153229838</subfield>
    <subfield code="4">aut</subfield>
    <subfield code="0">(uri) https://portal.dnb.de/opac.htm?method=simpleSearch&amp;cqlMode=true&amp;query=idn=1153229838</subfield>
    <subfield code="0">(uri) http://viaf.org/viaf/sourceID/DNB|1153229838</subfield>
    <subfield code="B">GND-1153229838</subfield>
  </datafield>
  <datafield tag="245" ind1="1" ind2="0">
    <subfield code="a">&lt;&lt;Der&gt;&gt; Prozess der Berufsorientierung aus der Perspektive der Sch&#252;lerschaft mit sonderp&#228;dagogischem Unterst&#252;tzungsbedarf im Bereich Lernen an F&#246;rderschulen im Land Nordrhein-Westfalen</subfield>
    <subfield code="c">vorgelegt von Carina H&#252;bner ; erster Gutachter: Prof. Dr. R&#252;diger Ki&#223;gen</subfield>
  </datafield>
  <datafield tag="264" ind1=" " ind2="1">
    <subfield code="a">Siegen</subfield>
    <subfield code="c">2019</subfield>
  </datafield>
  <datafield tag="300" ind1=" " ind2=" ">
    <subfield code="a">272 Seiten</subfield>
    <subfield code="b">Diagramme, Illustrationen</subfield>
  </datafield>
  <datafield tag="336" ind1=" " ind2=" ">
    <subfield code="b">txt</subfield>
  </datafield>
  <datafield tag="337" ind1=" " ind2=" ">
    <subfield code="b">n</subfield>
  </datafield>
  <datafield tag="338" ind1=" " ind2=" ">
    <subfield code="b">nc</subfield>
  </datafield>
  <datafield tag="502" ind1=" " ind2=" ">
    <subfield code="b">Dissertation</subfield>
    <subfield code="c">Universit&#228;t Siegen</subfield>
    <subfield code="d">2019</subfield>
  </datafield>
  <datafield tag="655" ind1=" " ind2="7">
    <subfield code="a">Hochschulschrift</subfield>
    <subfield code="0">(DE-588)4113937-9</subfield>
    <subfield code="2">gnd-content</subfield>
  </datafield>
  <datafield tag="689" ind1="0" ind2="0">
    <subfield code="a">Nordrhein-Westfalen</subfield>
    <subfield code="D">g</subfield>
    <subfield code="0">(DE-588)4042570-8</subfield>
    <subfield code="0">(uri) https://portal.dnb.de/opac.htm?method=simpleSearch&amp;cqlMode=true&amp;query=idn=040425703</subfield>
    <subfield code="0">(uri) http://viaf.org/viaf/sourceID/DNB|040425703</subfield>
    <subfield code="B">GND-040425703</subfield>
  </datafield>
  <datafield tag="689" ind1="0" ind2="1">
    <subfield code="a">Sonderschule</subfield>
    <subfield code="D">s</subfield>
    <subfield code="0">(DE-588)4055542-2</subfield>
    <subfield code="0">(uri) https://portal.dnb.de/opac.htm?method=simpleSearch&amp;cqlMode=true&amp;query=idn=040555429</subfield>
    <subfield code="0">(uri) http://viaf.org/viaf/sourceID/DNB|040555429</subfield>
    <subfield code="B">GND-040555429</subfield>
  </datafield>
  <datafield tag="689" ind1="0" ind2="2">
    <subfield code="a">Berufsorientierung</subfield>
    <subfield code="D">s</subfield>
    <subfield code="0">(DE-588)4140124-4</subfield>
    <subfield code="0">(uri) https://portal.dnb.de/opac.htm?method=simpleSearch&amp;cqlMode=true&amp;query=idn=041401247</subfield>
    <subfield code="0">(uri) http://viaf.org/viaf/sourceID/DNB|041401247</subfield>
    <subfield code="B">GND-041401247</subfield>
  </datafield>
  <datafield tag="689" ind1="0" ind2="3">
    <subfield code="a">Lernbehinderter Mensch</subfield>
    <subfield code="D">s</subfield>
    <subfield code="0">(DE-588)4167388-8</subfield>
    <subfield code="0">(uri) https://portal.dnb.de/opac.htm?method=simpleSearch&amp;cqlMode=true&amp;query=idn=041673883</subfield>
    <subfield code="0">(uri) http://viaf.org/viaf/sourceID/DNB|041673883</subfield>
    <subfield code="B">GND-041673883</subfield>
  </datafield>
  <datafield tag="689" ind1="0" ind2="4">
    <subfield code="a">&#220;bergang</subfield>
    <subfield code="g">Sozialwissenschaften</subfield>
    <subfield code="D">s</subfield>
    <subfield code="0">(DE-588)4681060-2</subfield>
    <subfield code="0">(uri) https://portal.dnb.de/opac.htm?method=simpleSearch&amp;cqlMode=true&amp;query=idn=964184931</subfield>
    <subfield code="0">(uri) http://viaf.org/viaf/sourceID/DNB|964184931</subfield>
    <subfield code="B">GND-964184931</subfield>
  </datafield>
  <datafield tag="689" ind1="0" ind2="5">
    <subfield code="a">Arbeitswelt</subfield>
    <subfield code="D">s</subfield>
    <subfield code="0">(DE-588)4002805-7</subfield>
    <subfield code="0">(uri) https://portal.dnb.de/opac.htm?method=simpleSearch&amp;cqlMode=true&amp;query=idn=040028054</subfield>
    <subfield code="0">(uri) http://viaf.org/viaf/sourceID/DNB|040028054</subfield>
    <subfield code="B">GND-040028054</subfield>
  </datafield>
  <datafield tag="700" ind1="1" ind2=" ">
    <subfield code="a">Ki&#223;gen, R&#252;diger</subfield>
    <subfield code="0">(DE-588)122065514</subfield>
    <subfield code="4">dgs</subfield>
    <subfield code="0">(uri) https://portal.dnb.de/opac.htm?method=simpleSearch&amp;cqlMode=true&amp;query=idn=122065514</subfield>
    <subfield code="0">(uri) http://viaf.org/viaf/sourceID/DNB|122065514</subfield>
    <subfield code="B">GND-122065514</subfield>
  </datafield>
  <datafield tag="710" ind1="2" ind2=" ">
    <subfield code="a">Universit&#228;t Siegen</subfield>
    <subfield code="0">(DE-588)64850-4</subfield>
    <subfield code="4">dgg</subfield>
    <subfield code="0">(uri) https://portal.dnb.de/opac.htm?method=simpleSearch&amp;cqlMode=true&amp;query=idn=000648507</subfield>
    <subfield code="0">(uri) http://viaf.org/viaf/sourceID/DNB|000648507</subfield>
    <subfield code="B">GND-000648507</subfield>
  </datafield>
  <datafield tag="751" ind1=" " ind2=" ">
    <subfield code="a">Siegen</subfield>
    <subfield code="0">(DE-588)4054883-1</subfield>
    <subfield code="4">uvp</subfield>
    <subfield code="0">(uri) https://portal.dnb.de/opac.htm?method=simpleSearch&amp;cqlMode=true&amp;query=idn=04054883X</subfield>
    <subfield code="0">(uri) http://viaf.org/viaf/sourceID/DNB|04054883X</subfield>
    <subfield code="B">GND-04054883X</subfield>
  </datafield>
  <datafield tag="776" ind1="0" ind2="8">
    <subfield code="i">Erscheint auch als</subfield>
    <subfield code="n">Online-Ausgabe, PDF</subfield>
    <subfield code="a">H&#252;bner, Carina</subfield>
    <subfield code="t">Der Prozess der Berufsorientierung aus der Perspektive der Sch&#252;lerschaft mit sonderp&#228;dagogischem Unterst&#252;tzungsbedarf im Bereich Lernen an F&#246;rderschulen im Land Nordrhein-Westfalen</subfield>
    <subfield code="w">(DE-605)HT020163372</subfield>
  </datafield>
  <datafield tag="960" ind1="1" ind2=" ">
    <subfield code="n">NWBib-6</subfield>
  </datafield>
  <datafield tag="964" ind1="0" ind2="s">
    <subfield code="F">030</subfield>
    <subfield code="A">a||ur||||||17</subfield>
  </datafield>
  <datafield tag="964" ind1="0" ind2="s">
    <subfield code="F">050</subfield>
    <subfield code="A">a|b|||||||||||</subfield>
  </datafield>
  <datafield tag="964" ind1="0" ind2="s">
    <subfield code="F">051</subfield>
    <subfield code="A">my||||||</subfield>
  </datafield>
  <datafield tag="035" ind1=" " ind2=" ">
    <subfield code="a">(DE-599)HBZHT020163348</subfield>
  </datafield>
  <datafield tag="MBD" ind1=" " ind2=" ">
    <subfield code="M">49HBZ_NETWORK</subfield>
    <subfield code="i">990363553190206441</subfield>
    <subfield code="n">HBZ Network</subfield>
  </datafield>
  <datafield tag="MNG" ind1=" " ind2=" ">
    <subfield code="c">System</subfield>
    <subfield code="f">ILS</subfield>
    <subfield code="i">marc21</subfield>
    <subfield code="k">01</subfield>
    <subfield code="e">false</subfield>
    <subfield code="d">2021-07-31 04:27:21 Europe/Berlin</subfield>
    <subfield code="g">036355319-HBZ01</subfield>
    <subfield code="j">60</subfield>
    <subfield code="a">import</subfield>
    <subfield code="b">2021-04-05 11:19:26 Europe/Berlin</subfield>
  </datafield>
  <datafield tag="GST" ind1=" " ind2=" ">
    <subfield code="a">Arbeitsleben</subfield>
    <subfield code="A">GND</subfield>
    <subfield code="B">GND-040028054</subfield>
    <subfield code="C">450</subfield>
  </datafield>
  <datafield tag="GST" ind1=" " ind2=" ">
    <subfield code="a">Berufsleben</subfield>
    <subfield code="A">GND</subfield>
    <subfield code="B">GND-040028054</subfield>
    <subfield code="C">450</subfield>
  </datafield>
  <datafield tag="GSI" ind1="7" ind2=" ">
    <subfield code="a">4002805-7</subfield>
    <subfield code="0">http://d-nb.info/gnd/4002805-7</subfield>
    <subfield code="2">gnd</subfield>
    <subfield code="A">GND</subfield>
    <subfield code="B">GND-040028054</subfield>
    <subfield code="C">024</subfield>
  </datafield>
  <datafield tag="GSI" ind1="7" ind2=" ">
    <subfield code="a">http://d-nb.info/gnd/4681060-2</subfield>
    <subfield code="2">uri</subfield>
    <subfield code="A">GND</subfield>
    <subfield code="B">GND-964184931</subfield>
    <subfield code="C">024</subfield>
  </datafield>
  <datafield tag="GST" ind1=" " ind2=" ">
    <subfield code="a">Lernbehinderter Schu&#776;ler</subfield>
    <subfield code="A">GND</subfield>
    <subfield code="B">GND-041673883</subfield>
    <subfield code="C">450</subfield>
  </datafield>
  <datafield tag="GST" ind1=" " ind2=" ">
    <subfield code="a">Sonderschu&#776;ler</subfield>
    <subfield code="x">Lernbehinderung</subfield>
    <subfield code="A">GND</subfield>
    <subfield code="B">GND-041673883</subfield>
    <subfield code="C">450</subfield>
  </datafield>
  <datafield tag="GSI" ind1="7" ind2=" ">
    <subfield code="a">http://d-nb.info/gnd/4167388-8</subfield>
    <subfield code="2">uri</subfield>
    <subfield code="A">GND</subfield>
    <subfield code="B">GND-041673883</subfield>
    <subfield code="C">024</subfield>
  </datafield>
  <datafield tag="GST" ind1=" " ind2=" ">
    <subfield code="a">Berufliche Orientierung</subfield>
    <subfield code="A">GND</subfield>
    <subfield code="B">GND-041401247</subfield>
    <subfield code="C">450</subfield>
  </datafield>
  <datafield tag="GSI" ind1="7" ind2=" ">
    <subfield code="a">http://d-nb.info/gnd/4140124-4</subfield>
    <subfield code="2">uri</subfield>
    <subfield code="A">GND</subfield>
    <subfield code="B">GND-041401247</subfield>
    <subfield code="C">024</subfield>
  </datafield>
  <datafield tag="GST" ind1=" " ind2=" ">
    <subfield code="a">Fo&#776;rderschule</subfield>
    <subfield code="9">v:Bezeichnung in einigen Bundesla&#776;ndern</subfield>
    <subfield code="A">GND</subfield>
    <subfield code="B">GND-040555429</subfield>
    <subfield code="C">450</subfield>
  </datafield>
  <datafield tag="GST" ind1=" " ind2=" ">
    <subfield code="a">Sonderschulen</subfield>
    <subfield code="A">GND</subfield>
    <subfield code="B">GND-040555429</subfield>
    <subfield code="C">450</subfield>
  </datafield>
  <datafield tag="GST" ind1=" " ind2=" ">
    <subfield code="a">Fo&#776;rderschulen</subfield>
    <subfield code="A">GND</subfield>
    <subfield code="B">GND-040555429</subfield>
    <subfield code="C">450</subfield>
  </datafield>
  <datafield tag="GST" ind1=" " ind2=" ">
    <subfield code="a">Hilfsschule</subfield>
    <subfield code="9">v:veralteter Begriff</subfield>
    <subfield code="A">GND</subfield>
    <subfield code="B">GND-040555429</subfield>
    <subfield code="C">450</subfield>
  </datafield>
  <datafield tag="GSI" ind1="7" ind2=" ">
    <subfield code="a">http://d-nb.info/gnd/4055542-2</subfield>
    <subfield code="2">uri</subfield>
    <subfield code="A">GND</subfield>
    <subfield code="B">GND-040555429</subfield>
    <subfield code="C">024</subfield>
  </datafield>
  <datafield tag="GSI" ind1="7" ind2=" ">
    <subfield code="a">4042570-8</subfield>
    <subfield code="0">http://d-nb.info/gnd/4042570-8</subfield>
    <subfield code="2">gnd</subfield>
    <subfield code="A">GND</subfield>
    <subfield code="B">GND-040425703</subfield>
    <subfield code="C">024</subfield>
  </datafield>
  <datafield tag="GGN" ind1=" " ind2=" ">
    <subfield code="a">Nord-Westphalie</subfield>
    <subfield code="A">GND</subfield>
    <subfield code="B">GND-040425703</subfield>
    <subfield code="C">451</subfield>
  </datafield>
  <datafield tag="GGN" ind1=" " ind2=" ">
    <subfield code="a">Norte-Westfalia</subfield>
    <subfield code="A">GND</subfield>
    <subfield code="B">GND-040425703</subfield>
    <subfield code="C">451</subfield>
  </datafield>
  <datafield tag="GGN" ind1=" " ind2=" ">
    <subfield code="a">NRW</subfield>
    <subfield code="4">abku</subfield>
    <subfield code="4">https://d-nb.info/standards/elementset/gnd#abbreviatedNameForThePlaceOrGeographicName</subfield>
    <subfield code="w">r</subfield>
    <subfield code="i">Abkuerzung</subfield>
    <subfield code="A">GND</subfield>
    <subfield code="B">GND-040425703</subfield>
    <subfield code="C">451</subfield>
  </datafield>
  <datafield tag="GGN" ind1=" " ind2=" ">
    <subfield code="a">North Rhine-Westphalia</subfield>
    <subfield code="A">GND</subfield>
    <subfield code="B">GND-040425703</subfield>
    <subfield code="C">451</subfield>
  </datafield>
  <datafield tag="GGN" ind1=" " ind2=" ">
    <subfield code="a">NW</subfield>
    <subfield code="4">abku</subfield>
    <subfield code="4">https://d-nb.info/standards/elementset/gnd#abbreviatedNameForThePlaceOrGeographicName</subfield>
    <subfield code="w">r</subfield>
    <subfield code="i">Abkuerzung</subfield>
    <subfield code="A">GND</subfield>
    <subfield code="B">GND-040425703</subfield>
    <subfield code="C">451</subfield>
  </datafield>
  <datafield tag="GGN" ind1=" " ind2=" ">
    <subfield code="a">Noordrijn-Westfalen</subfield>
    <subfield code="A">GND</subfield>
    <subfield code="B">GND-040425703</subfield>
    <subfield code="C">451</subfield>
  </datafield>
  <datafield tag="GGN" ind1=" " ind2=" ">
    <subfield code="a">North-Rhine/Westphalia</subfield>
    <subfield code="A">GND</subfield>
    <subfield code="B">GND-040425703</subfield>
    <subfield code="C">451</subfield>
  </datafield>
  <datafield tag="GGN" ind1=" " ind2=" ">
    <subfield code="a">Land Nordrhein-Westfalen</subfield>
    <subfield code="4">nauv</subfield>
    <subfield code="4">https://d-nb.info/standards/elementset/gnd#variantName</subfield>
    <subfield code="w">r</subfield>
    <subfield code="i">Unveraenderte Form</subfield>
    <subfield code="A">GND</subfield>
    <subfield code="B">GND-040425703</subfield>
    <subfield code="C">451</subfield>
  </datafield>
  <datafield tag="GKT" ind1="2" ind2=" ">
    <subfield code="a">University Siegen</subfield>
    <subfield code="A">GND</subfield>
    <subfield code="B">GND-000648507</subfield>
    <subfield code="C">410</subfield>
  </datafield>
  <datafield tag="GKT" ind1="2" ind2=" ">
    <subfield code="a">Universit&#233; Siegen</subfield>
    <subfield code="A">GND</subfield>
    <subfield code="B">GND-000648507</subfield>
    <subfield code="C">410</subfield>
  </datafield>
  <datafield tag="GKT" ind1="2" ind2=" ">
    <subfield code="a">Universit&#228;t - Gesamthochschule Siegen</subfield>
    <subfield code="A">GND</subfield>
    <subfield code="B">GND-000648507</subfield>
    <subfield code="C">410</subfield>
  </datafield>
  <datafield tag="GKT" ind1="2" ind2=" ">
    <subfield code="a">Universit&#228;t GH Siegen</subfield>
    <subfield code="A">GND</subfield>
    <subfield code="B">GND-000648507</subfield>
    <subfield code="C">410</subfield>
  </datafield>
  <datafield tag="GKT" ind1="2" ind2=" ">
    <subfield code="a">Gesamthochschule Siegen</subfield>
    <subfield code="g">Universit&#228;t Siegen</subfield>
    <subfield code="A">GND</subfield>
    <subfield code="B">GND-000648507</subfield>
    <subfield code="C">410</subfield>
  </datafield>
  <datafield tag="GKT" ind1="2" ind2=" ">
    <subfield code="a">Siegen University</subfield>
    <subfield code="A">GND</subfield>
    <subfield code="B">GND-000648507</subfield>
    <subfield code="C">410</subfield>
  </datafield>
  <datafield tag="GKT" ind1="2" ind2=" ">
    <subfield code="a">Universit&#228;t-Gesamthochschule Siegen</subfield>
    <subfield code="A">GND</subfield>
    <subfield code="B">GND-000648507</subfield>
    <subfield code="C">410</subfield>
  </datafield>
  <datafield tag="GKT" ind1="2" ind2=" ">
    <subfield code="a">Universit&#228;t-GH Siegen</subfield>
    <subfield code="A">GND</subfield>
    <subfield code="B">GND-000648507</subfield>
    <subfield code="C">410</subfield>
  </datafield>
  <datafield tag="GKT" ind1="2" ind2=" ">
    <subfield code="a">University of Siegen</subfield>
    <subfield code="A">GND</subfield>
    <subfield code="B">GND-000648507</subfield>
    <subfield code="C">410</subfield>
  </datafield>
  <datafield tag="GKT" ind1="2" ind2=" ">
    <subfield code="a">Universit&#228;t</subfield>
    <subfield code="g">Siegen</subfield>
    <subfield code="A">GND</subfield>
    <subfield code="B">GND-000648507</subfield>
    <subfield code="C">410</subfield>
  </datafield>
  <datafield tag="GSI" ind1="7" ind2=" ">
    <subfield code="a">64850-4</subfield>
    <subfield code="0">http://d-nb.info/gnd/64850-4</subfield>
    <subfield code="2">gnd</subfield>
    <subfield code="A">GND</subfield>
    <subfield code="B">GND-000648507</subfield>
    <subfield code="C">024</subfield>
  </datafield>
  <datafield tag="GSI" ind1="7" ind2=" ">
    <subfield code="a">0000 0001 2242 8751</subfield>
    <subfield code="2">isni</subfield>
    <subfield code="A">GND</subfield>
    <subfield code="B">GND-000648507</subfield>
    <subfield code="C">024</subfield>
  </datafield>
  <datafield tag="GSI" ind1="7" ind2=" ">
    <subfield code="a">Q504723</subfield>
    <subfield code="2">wikidata</subfield>
    <subfield code="A">GND</subfield>
    <subfield code="B">GND-000648507</subfield>
    <subfield code="C">024</subfield>
  </datafield>
  <datafield tag="GSI" ind1="7" ind2=" ">
    <subfield code="a">02azyry73</subfield>
    <subfield code="2">ror</subfield>
    <subfield code="A">GND</subfield>
    <subfield code="B">GND-000648507</subfield>
    <subfield code="C">024</subfield>
  </datafield>
  <datafield tag="GSI" ind1="7" ind2=" ">
    <subfield code="a">http://d-nb.info/gnd/122065514</subfield>
    <subfield code="2">uri</subfield>
    <subfield code="A">GND</subfield>
    <subfield code="B">GND-122065514</subfield>
    <subfield code="C">024</subfield>
  </datafield>
  <datafield tag="GSI" ind1="7" ind2=" ">
    <subfield code="a">1153229838</subfield>
    <subfield code="0">http://d-nb.info/gnd/1153229838</subfield>
    <subfield code="2">gnd</subfield>
    <subfield code="A">GND</subfield>
    <subfield code="B">GND-1153229838</subfield>
    <subfield code="C">024</subfield>
  </datafield>
  <datafield tag="GKT" ind1="2" ind2=" ">
    <subfield code="a">Siegen</subfield>
    <subfield code="b">Presse und Statistik</subfield>
    <subfield code="4">spio</subfield>
    <subfield code="4">https://d-nb.info/standards/elementset/gnd#variantName</subfield>
    <subfield code="w">r</subfield>
    <subfield code="i">Spitzenorgan</subfield>
    <subfield code="e">Spitzenorgan</subfield>
    <subfield code="A">GND</subfield>
    <subfield code="B">GND-04054883X</subfield>
    <subfield code="C">410</subfield>
  </datafield>
  <datafield tag="GKT" ind1="2" ind2=" ">
    <subfield code="a">Siegen</subfield>
    <subfield code="b">Hauptamt</subfield>
    <subfield code="4">spio</subfield>
    <subfield code="4">https://d-nb.info/standards/elementset/gnd#variantName</subfield>
    <subfield code="w">r</subfield>
    <subfield code="i">Spitzenorgan</subfield>
    <subfield code="e">Spitzenorgan</subfield>
    <subfield code="A">GND</subfield>
    <subfield code="B">GND-04054883X</subfield>
    <subfield code="C">410</subfield>
  </datafield>
  <datafield tag="GKT" ind1="2" ind2=" ">
    <subfield code="a">Siegen</subfield>
    <subfield code="b">Stadtdirektor</subfield>
    <subfield code="4">spio</subfield>
    <subfield code="4">https://d-nb.info/standards/elementset/gnd#variantName</subfield>
    <subfield code="w">r</subfield>
    <subfield code="i">Spitzenorgan</subfield>
    <subfield code="e">Spitzenorgan</subfield>
    <subfield code="A">GND</subfield>
    <subfield code="B">GND-04054883X</subfield>
    <subfield code="C">410</subfield>
  </datafield>
  <datafield tag="GSI" ind1="7" ind2=" ">
    <subfield code="a">4054883-1</subfield>
    <subfield code="0">http://d-nb.info/gnd/4054883-1</subfield>
    <subfield code="2">gnd</subfield>
    <subfield code="A">GND</subfield>
    <subfield code="B">GND-04054883X</subfield>
    <subfield code="C">024</subfield>
  </datafield>
  <datafield tag="GSI" ind1="7" ind2=" ">
    <subfield code="a">2832495</subfield>
    <subfield code="2">geonames</subfield>
    <subfield code="A">GND</subfield>
    <subfield code="B">GND-04054883X</subfield>
    <subfield code="C">024</subfield>
  </datafield>
  <datafield tag="GGN" ind1=" " ind2=" ">
    <subfield code="a">Universit&#228;tsstadt Siegen</subfield>
    <subfield code="9">v:2012-</subfield>
    <subfield code="A">GND</subfield>
    <subfield code="B">GND-04054883X</subfield>
    <subfield code="C">451</subfield>
  </datafield>
  <datafield tag="GGN" ind1=" " ind2=" ">
    <subfield code="a">Siegen, Universit&#228;tsstadt</subfield>
    <subfield code="A">GND</subfield>
    <subfield code="B">GND-04054883X</subfield>
    <subfield code="C">451</subfield>
  </datafield>
  <datafield tag="GGN" ind1=" " ind2=" ">
    <subfield code="a">Stadt Siegen</subfield>
    <subfield code="A">GND</subfield>
    <subfield code="B">GND-04054883X</subfield>
    <subfield code="C">451</subfield>
  </datafield>
  <datafield tag="GGN" ind1=" " ind2=" ">
    <subfield code="a">Sigedunum</subfield>
    <subfield code="9">v:Orbis latinus</subfield>
    <subfield code="A">GND</subfield>
    <subfield code="B">GND-04054883X</subfield>
    <subfield code="C">451</subfield>
  </datafield>
  <datafield tag="GGN" ind1=" " ind2=" ">
    <subfield code="a">Sigena Nassoviae</subfield>
    <subfield code="9">v:Orbis latinus</subfield>
    <subfield code="A">GND</subfield>
    <subfield code="B">GND-04054883X</subfield>
    <subfield code="C">451</subfield>
  </datafield>
  <datafield tag="GGN" ind1=" " ind2=" ">
    <subfield code="a">Sigena</subfield>
    <subfield code="A">GND</subfield>
    <subfield code="B">GND-04054883X</subfield>
    <subfield code="C">451</subfield>
  </datafield>
  <datafield tag="GGN" ind1=" " ind2=" ">
    <subfield code="a">Sigena Nassoviorum</subfield>
    <subfield code="A">GND</subfield>
    <subfield code="B">GND-04054883X</subfield>
    <subfield code="C">451</subfield>
  </datafield>
</record>